<?xml version="1.0" encoding="UTF-8"?><collection xmlns="http://www.loc.gov/MARC21/slim"><record><leader>00380nam--2200121-i-4500</leader><controlfield tag="001">000046992</controlfield><controlfield tag="002">20161230</controlfield><controlfield tag="005">20161230201046</controlfield><controlfield tag="008">060222s1000------------r-----000-0-eng-d</controlfield><datafield ind1=" " ind2=" " tag="100"><subfield code="a">Weatherburn, C.E</subfield></datafield><datafield ind1=" " ind2=" " tag="245"><subfield code="a">An inntroduction to riemannian geometry and the tensor calculus. /first edition/</subfield></datafield><datafield ind1=" " ind2=" " tag="260"><subfield code="a">Cambridge, ``Univ.Press``, /1938 (Retiparire Din 1950)/, Xi+191p</subfield></datafield><datafield ind1=" " ind2=" " tag="852"><subfield code="a">930</subfield></datafield></record></collection>